<?xml version="1.0" encoding="UTF-8"?><collection xmlns="http://www.loc.gov/MARC21/slim"><record><leader>00440nam--2200133-i-4500</leader><controlfield tag="001">000033339</controlfield><controlfield tag="002">20161230</controlfield><controlfield tag="005">20161230201039</controlfield><controlfield tag="008">060222s1000------------r-----000-0-eng-d</controlfield><datafield ind1=" " ind2=" " tag="080"><subfield code="a">543.24(043)</subfield></datafield><datafield ind1=" " ind2=" " tag="100"><subfield code="a">Metzner, Roland</subfield></datafield><datafield ind1=" " ind2=" " tag="245"><subfield code="a">Einfluss der ordinungszahl auf die erzeugung von rontgen-bremsstrahlung bii elektronenenergien von 10 und 20 mev.dissertation</subfield></datafield><datafield ind1=" " ind2=" " tag="260"><subfield code="a">Wurzburg, Julius-maximilians-univesitat, 1963. 33p</subfield></datafield><datafield ind1=" " ind2=" " tag="852"><subfield code="a">77045</subfield></datafield></record></collection>